
@article{BarnardMcConville18,
  title = {Lattices from Graph Associahedra and Subalgebras of the {{Malvenuto}}-{{Reutenauer}} Algebra},
  author = {Barnard, Emily and McConville, Thomas},
  year = {2021},
  journal = {Algebra universalis},
  volume = {82},
  number = {1},
  pages = {1--53}
}

@article{LA21,
  title = {The Diagonal of the Operahedra},
  author = {{Laplante-Anfossi}, Guillaume},
  year = {2021},
  journal = {ArXiv e-prints},
  pages = {arXiv:2110.14062}
}

@article{LangePilaud13,
  title = {Associahedra via Spines},
  author = {Lange, Carsten and Pilaud, Vincent},
  year = {2014},
  journal = {Combinatorica. An International Journal on Combinatorics and the Theory of Computing},
  volume = {38},
  number = {2},
  pages = {443--486}
}

@article{Pilaud14,
  title = {Which Nestohedra Are Removahedra?},
  author = {Pilaud, Vincent},
  year = {2014},
  journal = {Revista Colombiana de Matem\'aticas},
  volume = {51},
  number = {1},
  pages = {21--42}
}

@article{PilaudSignedTree13,
  title = {Signed Tree Associahedra},
  author = {Pilaud, Vincent},
  year = {2013},
  journal = {arXiv e-prints},
  eprint = {1309.5222}
}

@article{PonsPilaud18,
  title = {Permutrees},
  author = {Pilaud, Vincent and Pons, Viviane},
  year = {2018},
  journal = {Algebraic Combinatorics},
  volume = {1},
  number = {2},
  pages = {173--224}
}


