@unpublished {Laplante-diagonalOperahedra,
	AUTHOR = {Laplante-Anfossi, Guillaume},
	TITLE = {The Diagonal of the Operahedra},
	NOTE = {Preprint, \href{https://arxiv.org/abs/2110.14062}{\texttt{arXiv:2110.14062}}},
	YEAR = {2021},
}

@article {BarnardMcConville,
	AUTHOR = {Barnard, Emily and McConville, Thomas},
	TITLE = {Lattices from graph associahedra and subalgebras of the {M}alvenuto-{R}eutenauer algebra},
	JOURNAL = {Algebra Universalis},
	FJOURNAL = {Algebra Universalis},
	VOLUME = {82},
	YEAR = {2021},
	NUMBER = {1},
	PAGES = {Paper No. 2, 53},
}

@phdthesis{Tamari,
	AUTHOR = {Dov Tamari},
	TITLE = {Monoides pr\'eordonn\'es et cha\^ines de Malcev},
	SCHOOL = {Universit\'e Paris Sorbonne},
	YEAR = {1951},
}

@article {HuangTamari,
	AUTHOR = {Huang, Samuel and Tamari, Dov},
	TITLE = {Problems of associativity: {A} simple proof for the lattice property of systems ordered by a semi-associative law},
	JOURNAL = {J. Combinatorial Theory Ser. A},
	FJOURNAL = {Journal of Combinatorial Theory. Series A},
	VOLUME = {13},
	YEAR = {1972},
	PAGES = {7--13},
}

@book {ShniderSternberg,
	AUTHOR = {Steve~Shnider and Shlomo~Sternberg},
	TITLE = {Quantum groups: From coalgebras to {D}rinfeld algebras},
	SERIES = {Series in Mathematical Physics},
	PUBLISHER = {International Press},
	ADDRESS = {Cambridge, MA},
	YEAR = {1993},
	PAGES = {592},
}

@article {Loday,
	AUTHOR = {Jean-Louis~Loday},
	TITLE = {Realization of the {S}tasheff polytope},
	JOURNAL = {Arch.~Math.~(Basel)},
	FJOURNAL = {Archiv der Mathematik},
	VOLUME = {83},
	YEAR = {2004},
	NUMBER = {3},
	PAGES = {267--278},
}

@article {HohlwegLange,
	AUTHOR = {Christophe~Hohlweg and Carsten~Lange},
	TITLE = {Realizations of the associahedron and cyclohedron},
	JOURNAL = {Discrete Comput.~Geom.},
	FJOURNAL = {Discrete \& Computational Geometry. An International Journal of Mathematics and Computer Science},
	VOLUME = {37},
	YEAR = {2007},
	NUMBER = {4},
	PAGES = {517--543}
}

@article {HohlwegLangeThomas,
	AUTHOR = {Christophe~Hohlweg and Carsten~Lange and Hugh~Thomas},
	TITLE = {Permutahedra and generalized associahedra},
	JOURNAL = {Adv. Math.},
	FJOURNAL = {Adances in Mathematics},
	VOLUME = {226},
	YEAR = {2011},
	NUMBER = {1},
	PAGES = {608--640},
}

@article {LangePilaud,
	AUTHOR = {Lange, Carsten and Pilaud, Vincent},
	TITLE = {Associahedra via spines},
	JOURNAL = {Combinatorica},
	FJOURNAL = {Combinatorica. An International Journal on Combinatorics and the Theory of Computing},
	VOLUME = {38},
	YEAR = {2018},
	NUMBER = {2},
	PAGES = {443--486},
}

@article {Pilaud-removahedra,
	AUTHOR = {Pilaud, Vincent},
	TITLE = {Which nestohedra are removahedra?},
	JOURNAL = {Rev. Colombiana Mat.},
	FJOURNAL = {Revista Colombiana de Matem\'aticas},
	VOLUME = {51},
	YEAR = {2017},
	NUMBER = {1},
	PAGES = {21--42},
}

@unpublished {Pilaud-signedTreeAssociahedra,
	AUTHOR = {Pilaud, Vincent},
	TITLE = {Signed tree associahedra},
	NOTE = {Preprint, \href{http://arxiv.org/abs/1309.5222}{\texttt{arXiv:1309.5222}}. An extended abstract appeared in the proceedings of the \emph{26th {I}nternational {C}onference on {F}ormal {P}ower {S}eries and {A}lgebraic {C}ombinatorics ({FPSAC} 2014)}, Discrete Math. Theor. Comput. Sci. Proc., AS, pages 309--320},
	YEAR = {2014}
}

@incollection {Pilaud-signedTreeAssociahedraFPSAC,
	AUTHOR = {Pilaud, Vincent},
	TITLE = {Signed tree associahedra},
	BOOKTITLE = {26th {I}nternational {C}onference on {F}ormal {P}ower {S}eries and {A}lgebraic {C}ombinatorics ({FPSAC} 2014)},
	SERIES = {Discrete Math. Theor. Comput. Sci. Proc., AS},
	PAGES = {309--320},
	PUBLISHER = {Assoc. Discrete Math. Theor. Comput. Sci., Nancy},
	YEAR = {2014},
}

@article {PilaudPons-permutrees,
	AUTHOR = {Pilaud, Vincent and Pons, Viviane},
	TITLE = {Permutrees},
	JOURNAL = {Algebraic Combinatorics},
	PUBLISHER = {MathOA foundation},
	VOLUME = {1},
	NUMBER = {2},
	YEAR = {2018},
	PAGES = {173--224},
}

@article {CarrDevadoss,
	AUTHOR = {Michael~P.~Carr and Satyan~L.~Devadoss},
	TITLE = {Coxeter complexes and graph-associahedra},
	JOURNAL = {Topology Appl.},
	FJOURNAL = {Topology and its Applications},
	VOLUME = {153},
	YEAR = {2006},
	NUMBER = {12},
	PAGES = {2155--2168},
}

@article {Devadoss,
	AUTHOR = {Satyan L. Devadoss},
	TITLE = {A realization of graph associahedra},
	JOURNAL = {Discrete Math.},
	FJOURNAL = {Discrete Mathematics},
	VOLUME = {309},
	YEAR = {2009},
	NUMBER = {1},
	PAGES = {271--276},
}

@article {Postnikov,
	AUTHOR = {Alexander~Postnikov},
	TITLE = {Permutohedra, associahedra, and beyond},
	JOURNAL = {Int. Math. Res. Not. IMRN},
	FJOURNAL = {International Mathematics Research Notices. IMRN},
	YEAR = {2009},
	NUMBER = {6},
	PAGES = {1026--1106},
}

@article {PostnikovReinerWilliams,
	AUTHOR = {Alexander~Postnikov and Victor~Reiner and Lauren K. Williams},
	TITLE = {Faces of generalized permutohedra},
	JOURNAL = {Doc.~Math.},
	FJOURNAL = {Documenta Mathematica},
	VOLUME = {13},
	YEAR = {2008},
	PAGES = {207--273},
}

@article {Zelevinsky,
	AUTHOR = {Andrei Zelevinsky},
	TITLE = {Nested complexes and their polyhedral realizations},
	JOURNAL = {Pure Appl. Math. Q.},
	FJOURNAL = {Pure and Applied Mathematics Quarterly},
	VOLUME = {2},
	YEAR = {2006},
	NUMBER = {3},
	PAGES = {655--671},
}

@article {FeichtnerSturmfels,
	AUTHOR = {Eva~Maria~Feichtner and Bernd~Sturmfels},
	TITLE = {Matroid polytopes, nested sets and {B}ergman fans},
	JOURNAL = {Port. Math. (N.S.)},
	FJOURNAL = {Portugaliae Mathematica. Nova S\'erie},
	VOLUME = {62},
	YEAR = {2005},
	NUMBER = {4},
	PAGES = {437--468},
}

@unpublished {Pilaud-acyclicReorientationLattices,
	AUTHOR = {Vincent Pilaud},
	TITLE = {Acyclic reorientation lattices and their lattice quotients},
 	NOTE = {Preprint, \href{http://arxiv.org/abs/2111.12387}{\texttt{arXiv:2111.12387}}}, 
	YEAR = {2021},
}

@book {YauJohnson15,
   AUTHOR = {Mark W. Johnson and Donald Yau},
    TITLE = {A Foundation for PROPs, Algebras and Modules},
   SERIES = {Mathematical Surveys and Monographs, Vol. 203},
PUBLISHER = {American Mathematical Society},
  ADDRESS = {Providence, Rhode Island},
     YEAR = {2015},
}